@INPROCEEDINGS{7969984,
author={S. Grassini and E. Angelini and A. Elsayed and S. Corbellini and L. Lombardo and M. Parvis},
booktitle={2017 IEEE International Instrumentation and Measurement Technology Conference (I2MTC)},
title={Cloud infrastructure for museum environmental monitoring},
year={2017},
volume={},
number={},
pages={1-6},
keywords={Internet;buildings (structures);cloud computing;computerised monitoring;history;humidity measurement;humidity sensors;line concentrators;museums;smart phones;temperature measurement;temperature sensors;Arduino-based concentrator;battery operated PC;cloud based architecture;cultural heritage building monitoring;internet connection;museum environmental monitoring;power supply;quality assurance;relative humidity measurement;sensing node;smart phone;temperature measurement;wireless communication;Battery charge measurement;Cloud computing;Monitoring;Receivers;Temperature measurement;Temperature sensors;Cloud measuring system;Cultural Heritage;Environmental monitoring},
doi={10.1109/I2MTC.2017.7969984},
ISSN={},
month={May},}